[gd_scene load_steps=6 format=2]

[ext_resource path="res://ui/journal/quest/Journal.gd" type="Script" id=1]
[ext_resource path="res://ui/journal/quest/JournalButton.tscn" type="PackedScene" id=2]
[ext_resource path="res://ui/journal/quest/PageContainer.tscn" type="PackedScene" id=3]

[sub_resource type="StyleBoxFlat" id=1]
bg_color = Color( 0.984314, 1, 0.556863, 1 )

[sub_resource type="ButtonGroup" id=2]

[node name="JournalPageQuest" type="PanelContainer"]
pause_mode = 2
anchor_right = 1.0
anchor_bottom = 1.0
mouse_filter = 1
custom_styles/panel = SubResource( 1 )
script = ExtResource( 1 )
__meta__ = {
"_edit_use_anchors_": false
}

[node name="HSplitContainer" type="HSplitContainer" parent="."]
margin_right = 1024.0
margin_bottom = 600.0
mouse_filter = 1
__meta__ = {
"_edit_use_anchors_": false
}

[node name="Left" type="VBoxContainer" parent="HSplitContainer"]
margin_right = 350.0
margin_bottom = 600.0

[node name="SectionButtons" type="HBoxContainer" parent="HSplitContainer/Left"]
margin_right = 350.0
margin_bottom = 40.0
custom_constants/separation = 4

[node name="Active" parent="HSplitContainer/Left/SectionButtons" instance=ExtResource( 2 )]
margin_right = 173.0
margin_bottom = 40.0
pressed = true
group = SubResource( 2 )
text = "Active"

[node name="Archived" parent="HSplitContainer/Left/SectionButtons" instance=ExtResource( 2 )]
margin_left = 177.0
margin_right = 350.0
margin_bottom = 40.0
group = SubResource( 2 )
text = "Archived"

[node name="ScrollContainer" type="ScrollContainer" parent="HSplitContainer/Left"]
margin_top = 44.0
margin_right = 350.0
margin_bottom = 600.0
rect_min_size = Vector2( 350, 0 )
mouse_filter = 1
size_flags_vertical = 3
scroll_horizontal_enabled = false

[node name="PagesTitlesContainer" type="VBoxContainer" parent="HSplitContainer/Left/ScrollContainer"]
margin_right = 350.0
size_flags_horizontal = 3

[node name="PageContainer" parent="HSplitContainer" instance=ExtResource( 3 )]
anchor_right = 0.0
anchor_bottom = 0.0
margin_left = 362.0
margin_right = 1024.0
margin_bottom = 600.0

[connection signal="pressed" from="HSplitContainer/Left/SectionButtons/Active" to="." method="_on_Active_pressed"]
[connection signal="pressed" from="HSplitContainer/Left/SectionButtons/Archived" to="." method="_on_Archived_pressed"]
