[gd_scene load_steps=15 format=2]

[ext_resource path="res://shader/debug/1x1Grid.shader" type="Shader" id=1]
[ext_resource path="res://player/controller/freelook/FreelookController.tscn" type="PackedScene" id=2]
[ext_resource path="res://scene/test/constantspeedtest/RigidBody.gd" type="Script" id=3]



[sub_resource type="PlaneMesh" id=1]
size = Vector2( 25, 25 )

[sub_resource type="ShaderMaterial" id=2]
shader = ExtResource( 1 )

[sub_resource type="BoxShape" id=3]
extents = Vector3( 12.5, 1, 12.5 )

[sub_resource type="CubeMesh" id=4]
size = Vector3( 4, 0.1, 0.1 )

[sub_resource type="SpatialMaterial" id=5]
albedo_color = Color( 0.0117647, 0.466667, 1, 1 )

[sub_resource type="BoxShape" id=6]
extents = Vector3( 0.4, 0.4, 0.4 )

[sub_resource type="CubeMesh" id=7]
size = Vector3( 0.8, 0.8, 0.8 )

[sub_resource type="SpatialMaterial" id=8]
albedo_color = Color( 0.215686, 0.937255, 0.0156863, 1 )

[sub_resource type="SpatialMaterial" id=9]
albedo_color = Color( 0.823529, 0.937255, 0.0156863, 1 )

[sub_resource type="SpatialMaterial" id=10]
albedo_color = Color( 0.937255, 0.576471, 0.0156863, 1 )

[sub_resource type="SpatialMaterial" id=11]
albedo_color = Color( 0.92549, 0, 0, 1 )

[node name="Spatial" type="Spatial"]

[node name="FreelookController" parent="." instance=ExtResource( 2 )]
transform = Transform( 1, 0, 0, 0, 1, 0, 0, 0, 1, 4.47035e-08, 3, 6 )
active = true

[node name="DirectionalLight" type="DirectionalLight" parent="."]
transform = Transform( 0.683013, 0.462097, -0.565651, 0.183013, 0.641457, 0.74501, 0.707107, -0.612372, 0.353554, 0, 5, 0 )

[node name="Ground" type="Spatial" parent="."]

[node name="Ground" type="StaticBody" parent="Ground"]

[node name="MeshInstance" type="MeshInstance" parent="Ground/Ground"]
mesh = SubResource( 1 )
material/0 = SubResource( 2 )

[node name="CollisionShape" type="CollisionShape" parent="Ground/Ground"]
transform = Transform( 1, 0, 0, 0, 1, 0, 0, 0, 1, 0, -1, 0 )
shape = SubResource( 3 )

[node name="Ground2" type="StaticBody" parent="Ground"]
transform = Transform( 1, 0, 0, 0, 1, 0, 0, 0, 1, 0, 0, -25 )

[node name="MeshInstance" type="MeshInstance" parent="Ground/Ground2"]
mesh = SubResource( 1 )
material/0 = SubResource( 2 )

[node name="CollisionShape" type="CollisionShape" parent="Ground/Ground2"]
transform = Transform( 1, 0, 0, 0, 1, 0, 0, 0, 1, 0, -1, 0 )
shape = SubResource( 3 )

[node name="Ground3" type="StaticBody" parent="Ground"]
transform = Transform( 1, 0, 0, 0, 0.996195, -0.0871557, 0, 0.0871557, 0.996195, 0, 1.09581, -49.9041 )

[node name="MeshInstance" type="MeshInstance" parent="Ground/Ground3"]
mesh = SubResource( 1 )
material/0 = SubResource( 2 )

[node name="CollisionShape" type="CollisionShape" parent="Ground/Ground3"]
transform = Transform( 1, 0, 0, 0, 1, 0, 0, 0, 1, 0, -1, 0 )
shape = SubResource( 3 )

[node name="Ground4" type="StaticBody" parent="Ground"]
transform = Transform( 1, 0, 0, 0, 0.984808, -0.173648, 0, 0.173648, 0.984808, 0, 4.25952, -74.6354 )

[node name="MeshInstance" type="MeshInstance" parent="Ground/Ground4"]
mesh = SubResource( 1 )
material/0 = SubResource( 2 )

[node name="CollisionShape" type="CollisionShape" parent="Ground/Ground4"]
transform = Transform( 1, 0, 0, 0, 1, 0, 0, 0, 1, 0, -1, 0 )
shape = SubResource( 3 )

[node name="Ground5" type="StaticBody" parent="Ground"]
transform = Transform( 1, 0, 0, 0, 0.965926, -0.258819, 0, 0.258819, 0.965926, 0, 9.56665, -98.9967 )

[node name="MeshInstance" type="MeshInstance" parent="Ground/Ground5"]
mesh = SubResource( 1 )
material/0 = SubResource( 2 )

[node name="CollisionShape" type="CollisionShape" parent="Ground/Ground5"]
transform = Transform( 1, 0, 0, 0, 1, 0, 0, 0, 1, 0, -1, 0 )
shape = SubResource( 3 )

[node name="Ground6" type="StaticBody" parent="Ground"]
transform = Transform( 1, 0, 0, 0, 0.939692, -0.34202, 0, 0.34202, 0.939692, 0, 16.9768, -122.803 )

[node name="MeshInstance" type="MeshInstance" parent="Ground/Ground6"]
mesh = SubResource( 1 )
material/0 = SubResource( 2 )

[node name="CollisionShape" type="CollisionShape" parent="Ground/Ground6"]
transform = Transform( 1, 0, 0, 0, 1, 0, 0, 0, 1, 0, -1, 0 )
shape = SubResource( 3 )

[node name="Ground7" type="StaticBody" parent="Ground"]
transform = Transform( 1, 0, 0, 0, 0.906308, -0.422618, 0, 0.422618, 0.906308, 0, 26.4336, -145.873 )

[node name="MeshInstance" type="MeshInstance" parent="Ground/Ground7"]
mesh = SubResource( 1 )
material/0 = SubResource( 2 )

[node name="CollisionShape" type="CollisionShape" parent="Ground/Ground7"]
transform = Transform( 1, 0, 0, 0, 1, 0, 0, 0, 1, 0, -1, 0 )
shape = SubResource( 3 )

[node name="Ground8" type="StaticBody" parent="Ground"]
transform = Transform( 1, 0, 0, 0, 0.866025, -0.5, 0, 0.5, 0.866025, 0, 37.8651, -168.03 )

[node name="MeshInstance" type="MeshInstance" parent="Ground/Ground8"]
mesh = SubResource( 1 )
material/0 = SubResource( 2 )

[node name="CollisionShape" type="CollisionShape" parent="Ground/Ground8"]
transform = Transform( 1, 0, 0, 0, 1, 0, 0, 0, 1, 0, -1, 0 )
shape = SubResource( 3 )

[node name="Ground9" type="StaticBody" parent="Ground"]
transform = Transform( 1, 0, 0, 0, 0.819152, -0.573576, 0, 0.573576, 0.819152, 0, 51.1843, -189.107 )

[node name="MeshInstance" type="MeshInstance" parent="Ground/Ground9"]
mesh = SubResource( 1 )
material/0 = SubResource( 2 )

[node name="CollisionShape" type="CollisionShape" parent="Ground/Ground9"]
transform = Transform( 1, 0, 0, 0, 1, 0, 0, 0, 1, 0, -1, 0 )
shape = SubResource( 3 )

[node name="Ground10" type="StaticBody" parent="Ground"]
transform = Transform( 1, 0, 0, 0, 0.766044, -0.642787, 0, 0.642787, 0.766044, 0, 66.2897, -208.943 )

[node name="MeshInstance" type="MeshInstance" parent="Ground/Ground10"]
mesh = SubResource( 1 )
material/0 = SubResource( 2 )

[node name="CollisionShape" type="CollisionShape" parent="Ground/Ground10"]
transform = Transform( 1, 0, 0, 0, 1, 0, 0, 0, 1, 0, -1, 0 )
shape = SubResource( 3 )

[node name="Ground11" type="StaticBody" parent="Ground"]
transform = Transform( 1, 0, 0, 0, 0.707107, -0.707107, 0, 0.707107, 0.707107, 0, 83.0665, -227.387 )

[node name="MeshInstance" type="MeshInstance" parent="Ground/Ground11"]
mesh = SubResource( 1 )
material/0 = SubResource( 2 )

[node name="CollisionShape" type="CollisionShape" parent="Ground/Ground11"]
transform = Transform( 1, 0, 0, 0, 1, 0, 0, 0, 1, 0, -1, 0 )
shape = SubResource( 3 )

[node name="Ground12" type="StaticBody" parent="Ground"]
transform = Transform( 1, 0, 0, 0, 0.642787, -0.766044, 0, 0.766044, 0.642787, 0, 101.387, -244.299 )

[node name="MeshInstance" type="MeshInstance" parent="Ground/Ground12"]
mesh = SubResource( 1 )
material/0 = SubResource( 2 )

[node name="CollisionShape" type="CollisionShape" parent="Ground/Ground12"]
transform = Transform( 1, 0, 0, 0, 1, 0, 0, 0, 1, 0, -1, 0 )
shape = SubResource( 3 )

[node name="Ground13" type="StaticBody" parent="Ground"]
transform = Transform( 1, 0, 0, 0, 0.573576, -0.819152, 0, 0.819152, 0.573576, 0, 121.112, -259.549 )

[node name="MeshInstance" type="MeshInstance" parent="Ground/Ground13"]
mesh = SubResource( 1 )
material/0 = SubResource( 2 )

[node name="CollisionShape" type="CollisionShape" parent="Ground/Ground13"]
transform = Transform( 1, 0, 0, 0, 1, 0, 0, 0, 1, 0, -1, 0 )
shape = SubResource( 3 )

[node name="Ground14" type="StaticBody" parent="Ground"]
transform = Transform( 1, 0, 0, 0, 0.5, -0.866025, 0, 0.866025, 0.5, 0, 142.09, -273.023 )

[node name="MeshInstance" type="MeshInstance" parent="Ground/Ground14"]
mesh = SubResource( 1 )
material/0 = SubResource( 2 )

[node name="CollisionShape" type="CollisionShape" parent="Ground/Ground14"]
transform = Transform( 1, 0, 0, 0, 1, 0, 0, 0, 1, 0, -1, 0 )
shape = SubResource( 3 )

[node name="Ground15" type="StaticBody" parent="Ground"]
transform = Transform( 1, 0, 0, 0, 0.422618, -0.906307, 0, 0.906307, 0.422618, 0, 164.164, -284.617 )

[node name="MeshInstance" type="MeshInstance" parent="Ground/Ground15"]
mesh = SubResource( 1 )
material/0 = SubResource( 2 )

[node name="CollisionShape" type="CollisionShape" parent="Ground/Ground15"]
transform = Transform( 1, 0, 0, 0, 1, 0, 0, 0, 1, 0, -1, 0 )
shape = SubResource( 3 )

[node name="Ground16" type="StaticBody" parent="Ground"]
transform = Transform( 1, 0, 0, 0, 0.34202, -0.939692, 0, 0.939692, 0.34202, 0, 187.163, -294.242 )

[node name="MeshInstance" type="MeshInstance" parent="Ground/Ground16"]
mesh = SubResource( 1 )
material/0 = SubResource( 2 )

[node name="CollisionShape" type="CollisionShape" parent="Ground/Ground16"]
transform = Transform( 1, 0, 0, 0, 1, 0, 0, 0, 1, 0, -1, 0 )
shape = SubResource( 3 )

[node name="Ground17" type="StaticBody" parent="Ground"]
transform = Transform( 1, 0, 0, 0, 0.258819, -0.965925, 0, 0.965925, 0.258819, 0, 210.915, -301.827 )

[node name="MeshInstance" type="MeshInstance" parent="Ground/Ground17"]
mesh = SubResource( 1 )
material/0 = SubResource( 2 )

[node name="CollisionShape" type="CollisionShape" parent="Ground/Ground17"]
transform = Transform( 1, 0, 0, 0, 1, 0, 0, 0, 1, 0, -1, 0 )
shape = SubResource( 3 )

[node name="Milestones" type="Spatial" parent="."]

[node name="MeshInstance" type="MeshInstance" parent="Milestones"]
transform = Transform( 1, 0, 0, 0, 1, 0, 0, 0, 1, 0, 1, 0 )
mesh = SubResource( 4 )
material/0 = SubResource( 5 )

[node name="MeshInstance2" type="MeshInstance" parent="Milestones"]
transform = Transform( 1, 0, 0, 0, 1, 0, 0, 0, 1, 0, 1, -5 )
mesh = SubResource( 4 )
material/0 = SubResource( 5 )

[node name="MeshInstance3" type="MeshInstance" parent="Milestones"]
transform = Transform( 1, 0, 0, 0, 1, 0, 0, 0, 1, 0, 1, -10 )
mesh = SubResource( 4 )
material/0 = SubResource( 5 )

[node name="MeshInstance4" type="MeshInstance" parent="Milestones"]
transform = Transform( 1, 0, 0, 0, 1, 0, 0, 0, 1, 0, 1, -15 )
mesh = SubResource( 4 )
material/0 = SubResource( 5 )

[node name="MeshInstance5" type="MeshInstance" parent="Milestones"]
transform = Transform( 1, 0, 0, 0, 1, 0, 0, 0, 1, 0, 1, -20 )
mesh = SubResource( 4 )
material/0 = SubResource( 5 )

[node name="MeshInstance6" type="MeshInstance" parent="Milestones"]
transform = Transform( 1, 0, 0, 0, 1, 0, 0, 0, 1, 0, 1, -25 )
mesh = SubResource( 4 )
material/0 = SubResource( 5 )

[node name="TestCube" type="Spatial" parent="."]
transform = Transform( 1, 0, 0, 0, 1, 0, 0, 0, 1, 1.5, 0.5, 3.5 )

[node name="RigidBody" type="RigidBody" parent="TestCube"]
can_sleep = false
axis_lock_angular_x = true
axis_lock_angular_y = true
axis_lock_angular_z = true
script = ExtResource( 3 )

[node name="CollisionShape" type="CollisionShape" parent="TestCube/RigidBody"]
shape = SubResource( 6 )

[node name="MeshInstance" type="MeshInstance" parent="TestCube/RigidBody"]
mesh = SubResource( 7 )
material/0 = SubResource( 8 )

[node name="TestCube2" type="Spatial" parent="."]
transform = Transform( 1, 0, 0, 0, 1, 0, 0, 0, 1, 0.5, 0.5, 3.5 )

[node name="RigidBody" type="RigidBody" parent="TestCube2"]
mass = 2.0
can_sleep = false
axis_lock_angular_x = true
axis_lock_angular_y = true
axis_lock_angular_z = true
script = ExtResource( 3 )

[node name="CollisionShape" type="CollisionShape" parent="TestCube2/RigidBody"]
shape = SubResource( 6 )

[node name="MeshInstance" type="MeshInstance" parent="TestCube2/RigidBody"]
material_override = SubResource( 9 )
mesh = SubResource( 7 )
material/0 = null

[node name="TestCube3" type="Spatial" parent="."]
transform = Transform( 1, 0, 0, 0, 1, 0, 0, 0, 1, -0.5, 0.5, 3.5 )

[node name="RigidBody" type="RigidBody" parent="TestCube3"]
mass = 5.0
can_sleep = false
axis_lock_angular_x = true
axis_lock_angular_y = true
axis_lock_angular_z = true
script = ExtResource( 3 )

[node name="CollisionShape" type="CollisionShape" parent="TestCube3/RigidBody"]
shape = SubResource( 6 )

[node name="MeshInstance" type="MeshInstance" parent="TestCube3/RigidBody"]
material_override = SubResource( 10 )
mesh = SubResource( 7 )
material/0 = null

[node name="TestCube4" type="Spatial" parent="."]
transform = Transform( 1, 0, 0, 0, 1, 0, 0, 0, 1, -1.5, 0.5, 3.5 )

[node name="RigidBody" type="RigidBody" parent="TestCube4"]
mass = 10.0
can_sleep = false
axis_lock_angular_x = true
axis_lock_angular_y = true
axis_lock_angular_z = true
script = ExtResource( 3 )

[node name="CollisionShape" type="CollisionShape" parent="TestCube4/RigidBody"]
shape = SubResource( 6 )

[node name="MeshInstance" type="MeshInstance" parent="TestCube4/RigidBody"]
material_override = SubResource( 11 )
mesh = SubResource( 7 )
material/0 = null
