[gd_scene load_steps=6 format=2]

[ext_resource path="res://scene/test/loadingtest/LoadingTest.gd" type="Script" id=1]
[ext_resource path="res://player/controller/player/PlayerController.tscn" type="PackedScene" id=2]
[ext_resource path="res://debug/visual/CheckeredGround.tscn" type="PackedScene" id=3]
[ext_resource path="res://world/loadstage/house/Simple2x1HouseLoadStages.tscn" type="PackedScene" id=4]
[ext_resource path="res://world/loadstage/foliage/tree/pine/PineTreeLoadStages.tscn" type="PackedScene" id=5]

[node name="LoadingTest" type="Spatial"]
script = ExtResource( 1 )

[node name="PlayerController" parent="." instance=ExtResource( 2 )]
transform = Transform( 1, 0, 0, 0, 1, 0, 0, 0, 1, 0, 0, 67 )
active = true

[node name="CheckeredGround" parent="." instance=ExtResource( 3 )]

[node name="CheckeredGround2" parent="." instance=ExtResource( 3 )]
transform = Transform( 1, 0, 0, 0, 1, 0, 0, 0, 1, 0, 0, -20 )

[node name="CheckeredGround3" parent="." instance=ExtResource( 3 )]
transform = Transform( 1, 0, 0, 0, 1, 0, 0, 0, 1, 0, 0, -40 )

[node name="CheckeredGround7" parent="." instance=ExtResource( 3 )]
transform = Transform( 1, 0, 0, 0, 1, 0, 0, 0, 1, 0, 0, -60 )

[node name="CheckeredGround8" parent="." instance=ExtResource( 3 )]
transform = Transform( 1, 0, 0, 0, 1, 0, 0, 0, 1, -20, 0, -40 )

[node name="CheckeredGround9" parent="." instance=ExtResource( 3 )]
transform = Transform( 1, 0, 0, 0, 1, 0, 0, 0, 1, -20, 0, -60 )

[node name="CheckeredGround4" parent="." instance=ExtResource( 3 )]
transform = Transform( 1, 0, 0, 0, 1, 0, 0, 0, 1, 0, 0, 40 )

[node name="CheckeredGround5" parent="." instance=ExtResource( 3 )]
transform = Transform( 1, 0, 0, 0, 1, 0, 0, 0, 1, 0, 0, 20 )

[node name="CheckeredGround6" parent="." instance=ExtResource( 3 )]
transform = Transform( 1, 0, 0, 0, 1, 0, 0, 0, 1, 0, 0, 60 )

[node name="Simple2x1HouseLoadStages" parent="." instance=ExtResource( 4 )]
transform = Transform( -4.37114e-08, 0, -1, 0, 1, 0, 1, 0, -4.37114e-08, 0, 0, -73 )

[node name="Simple2x1HouseLoadStages2" parent="." instance=ExtResource( 4 )]
transform = Transform( 0.654305, 0, -0.75623, 0, 1, 0, 0.75623, 0, 0.654305, -23.9, 0, -58.1 )

[node name="PineTreeLoadStages" parent="." instance=ExtResource( 5 )]
transform = Transform( 1, 0, 0, 0, 1, 0, 0, 0, 1, -23.5, 0, -40.1 )

[node name="PineTreeLoadStages2" parent="." instance=ExtResource( 5 )]
transform = Transform( 1, 0, 0, 0, 1, 0, 0, 0, 1, -23.5, 0, -5.1 )

[node name="PineTreeLoadStages3" parent="." instance=ExtResource( 5 )]
transform = Transform( 1, 0, 0, 0, 1, 0, 0, 0, 1, -23.5, 0, 25.1 )
