[gd_scene load_steps=8 format=2]

[ext_resource path="res://world/terrain/heightmap/noise/HeightMap.tscn" type="PackedScene" id=1]
[ext_resource path="res://texture/terrain/albedo_scale.png" type="Texture" id=2]
[ext_resource path="res://world/terrain/base/TerrainBase.tscn" type="PackedScene" id=3]
[ext_resource path="res://shader/terrain/shape/Noise.shader" type="Shader" id=4]

[sub_resource type="HeightMapShape" id=1]
map_width = 9
map_depth = 9
map_data = PoolRealArray( -0.776996, -0.702364, -0.644937, -0.572771, -0.50702, -0.438956, -0.36764, -0.298876, -0.231788, -0.701691, -0.634176, -0.563639, -0.495553, -0.429177, -0.363637, -0.296637, -0.227354, -0.154439, -0.565966, -0.535158, -0.494055, -0.417317, -0.358512, -0.284193, -0.216544, -0.14979, -0.0729496, -0.376479, -0.388474, -0.355127, -0.322998, -0.282496, -0.203727, -0.135426, -0.0705117, 0.0009007, -0.141397, -0.165835, -0.183613, -0.173826, -0.139636, -0.105014, -0.0650962, 0.0035194, 0.0754965, 0.0812007, 0.0573951, 0.0455318, 0.0272532, 0.0128153, 0.0466658, 0.0824973, 0.118636, 0.156623, 0.304665, 0.296167, 0.278308, 0.261374, 0.253748, 0.227476, 0.235479, 0.272904, 0.309669, 0.53765, 0.534571, 0.51287, 0.496665, 0.480982, 0.464245, 0.443476, 0.442105, 0.464535, 0.776996, 0.76065, 0.739623, 0.738351, 0.718224, 0.702201, 0.696764, 0.671659, 0.660611 )

[sub_resource type="PlaneMesh" id=2]
size = Vector2( 8, 8 )
subdivide_width = 7
subdivide_depth = 7

[sub_resource type="ShaderMaterial" id=3]
shader = ExtResource( 4 )
shader_param/origin = Vector3( 0, 0, 0 )
shader_param/scale = Vector3( 1, 1, 1 )
shader_param/albedo_scale = ExtResource( 2 )

[node name="TerrainNH8x8" type="Spatial"]

[node name="TerrainBase" parent="." instance=ExtResource( 3 )]
size = Vector2( 8, 8 )
mesh_resolution = 12.0
collision_resolution = 12.0
albedo_scale = ExtResource( 2 )

[node name="Collision" parent="TerrainBase" index="0"]
transform = Transform( 1, 0, 0, 0, 1, 0, 0, 0, 1, 0, -16.2157, 0 )

[node name="Shape" parent="TerrainBase/Collision" index="0"]
transform = Transform( 1, 0, 0, 0, 1, 0, 0, 0, 1, 0, 0, 0 )
shape = SubResource( 1 )

[node name="Mesh" parent="TerrainBase" index="1"]
mesh = SubResource( 2 )
material/0 = SubResource( 3 )

[node name="HeightMap" parent="TerrainBase" instance=ExtResource( 1 )]

[editable path="TerrainBase"]
[editable path="TerrainBase/Collision"]
