[gd_scene load_steps=10 format=2]

[ext_resource path="res://mesh/tool/farm_hoe_head.obj" type="ArrayMesh" id=2]
[ext_resource path="res://mesh/tool/farm_hoe_handle.obj" type="ArrayMesh" id=3]
[ext_resource path="res://world/tool/Tool.gd" type="Script" id=4]
[ext_resource path="res://actor/common/holder/HolderOrigin.tscn" type="PackedScene" id=5]
[ext_resource path="res://material/tool/wood.tres" type="Material" id=6]
[ext_resource path="res://material/tool/Metal.tres" type="Material" id=7]

[sub_resource type="CylinderShape" id=1]
radius = 0.0235032
height = 1.29625

[sub_resource type="BoxShape" id=2]
extents = Vector3( 0.0623744, 0.182439, 0.0257159 )

[sub_resource type="BoxShape" id=3]
extents = Vector3( 0.0649896, 0.0474065, 0.110312 )

[node name="FarmHoe" type="RigidBody" groups=[
"animation_farm_hoe",
"dirt_pile_tool",
"equippable",
"primeable",
]]
sleeping = true
script = ExtResource( 4 )

[node name="HolderOrigin" parent="." instance=ExtResource( 5 )]
transform = Transform( -7.54979e-08, -1, -1.50996e-07, -1, 7.54979e-08, 0, 1.13999e-14, 1.50996e-07, -1, 1.3895e-08, 0, -0.720903 )

[node name="CollisionShape2" type="CollisionShape" parent="."]
transform = Transform( 1, 0, 0, 0, -4.37114e-08, -1, 0, 1, -4.37114e-08, 0, -0.00186098, -0.177049 )
shape = SubResource( 1 )

[node name="MeshInstance2" type="MeshInstance" parent="CollisionShape2"]
transform = Transform( 1, 0, 0, 0, -4.37114e-08, 1, 0, -1, -4.37114e-08, 0, 0.071227, 0.000290287 )
material_override = ExtResource( 6 )
mesh = ExtResource( 3 )
material/0 = null

[node name="CollisionShape" type="CollisionShape" parent="."]
transform = Transform( 1, 0, 0, 0, 0.972211, -0.234107, 0, 0.234107, 0.972211, 0, -0.122346, 0.463253 )
shape = SubResource( 2 )

[node name="MeshInstance" type="MeshInstance" parent="CollisionShape"]
transform = Transform( 1, 0, 0, 0, 0.972211, 0.234107, 0, -0.234107, 0.972211, 0, 0.122382, -0.00836906 )
material_override = ExtResource( 7 )
mesh = ExtResource( 2 )
material/0 = null

[node name="Head" type="Area" parent="CollisionShape/MeshInstance" groups=[
"blunt",
]]
transform = Transform( 1, 0, 0, 0, 1, 0, 0, 0, 1, 0, -0.214774, -0.030032 )
collision_layer = 262145
collision_mask = 262145

[node name="AudioStreamPlayer3D" type="AudioStreamPlayer3D" parent="CollisionShape/MeshInstance/Head"]
transform = Transform( 1, 0, 0, 0, 1, 0, 0, 0, 1, 5.96046e-08, 0.0237966, -0.000937343 )
unit_size = 5.0

[node name="CollisionShape" type="CollisionShape" parent="CollisionShape/MeshInstance/Head" groups=[
"keep_collision",
]]
transform = Transform( 1, 0, 0, 0, 0.232053, 0.972703, 0, -0.972703, 0.232053, -5.96046e-08, 0.0176652, -0.00448713 )
shape = SubResource( 3 )

[connection signal="body_entered" from="CollisionShape/MeshInstance/Head" to="." method="_on_Area_body_entered"]
