[gd_scene load_steps=9 format=2]

[ext_resource path="res://mesh/effect/gib/WoodGib5.obj" type="ArrayMesh" id=1]
[ext_resource path="res://mesh/effect/gib/WoodGib6.obj" type="ArrayMesh" id=2]
[ext_resource path="res://world/effect/gib/wood/GibWoodParticles.gd" type="Script" id=3]
[ext_resource path="res://mesh/effect/gib/WoodGib1.obj" type="ArrayMesh" id=4]
[ext_resource path="res://mesh/effect/gib/WoodGib2.obj" type="ArrayMesh" id=5]

[sub_resource type="Curve" id=1]
max_value = 5.0
_data = [ Vector2( 0, 5 ), 0.0, 0.0, 0, 0, Vector2( 0.601432, 4.22727 ), 0.0, 0.0, 0, 0, Vector2( 1, 0 ), 0.0, 0.0, 0, 0 ]

[sub_resource type="CurveTexture" id=2]
width = 128
curve = SubResource( 1 )

[sub_resource type="ParticlesMaterial" id=3]
emission_shape = 2
emission_box_extents = Vector3( 0.1, 0.1, 0.1 )
flag_rotate_y = true
direction = Vector3( 0, 0, 0 )
gravity = Vector3( 0, 0, 0 )
initial_velocity = 8.0
initial_velocity_random = 0.5
angular_velocity = 3.0
angular_velocity_random = 0.5
damping = 1.0
scale_random = 0.3
scale_curve = SubResource( 2 )

[node name="GibWoodParticles" type="Spatial"]
script = ExtResource( 3 )
emitting = true
extents = Vector3( 0.1, 0.1, 0.1 )
scale_curve = SubResource( 2 )

[node name="Particles" type="Particles" parent="."]
generate_lightmap = false
emitting = false
amount = 3
lifetime = 0.8
one_shot = true
explosiveness = 1.0
randomness = 1.0
process_material = SubResource( 3 )
draw_pass_1 = ExtResource( 4 )

[node name="Particles2" type="Particles" parent="."]
generate_lightmap = false
emitting = false
amount = 3
lifetime = 0.8
one_shot = true
explosiveness = 1.0
randomness = 1.0
process_material = SubResource( 3 )
draw_pass_1 = ExtResource( 5 )

[node name="Particles3" type="Particles" parent="."]
generate_lightmap = false
emitting = false
amount = 3
lifetime = 0.8
one_shot = true
explosiveness = 1.0
randomness = 1.0
process_material = SubResource( 3 )
draw_pass_1 = ExtResource( 1 )

[node name="Particles4" type="Particles" parent="."]
generate_lightmap = false
emitting = false
amount = 1
lifetime = 0.8
one_shot = true
explosiveness = 1.0
randomness = 1.0
process_material = SubResource( 3 )
draw_pass_1 = ExtResource( 2 )
