[gd_scene load_steps=8 format=2]

[ext_resource path="res://mesh/foliage/tree/apple/apple_tree_trunk.obj" type="ArrayMesh" id=1]
[ext_resource path="res://mesh/foliage/tree/apple/apple_tree_branches.obj" type="ArrayMesh" id=2]
[ext_resource path="res://material/foliage/tree/Trunk.tres" type="Material" id=3]
[ext_resource path="res://mesh/foliage/tree/apple/apple_tree_leaves.obj" type="ArrayMesh" id=4]
[ext_resource path="res://texture/foliage/appletreeleaves.png" type="Texture" id=5]

[sub_resource type="SpatialMaterial" id=1]
flags_transparent = true
params_cull_mode = 2
params_depth_draw_mode = 3
albedo_texture = ExtResource( 5 )
metallic_specular = 0.0

[sub_resource type="CylinderShape" id=2]
radius = 0.241568
height = 7.18238

[node name="AppleTree" type="Spatial"]

[node name="StaticBody" type="StaticBody" parent="."]

[node name="MeshInstance" type="MeshInstance" parent="StaticBody"]
mesh = ExtResource( 1 )
material/0 = ExtResource( 3 )

[node name="MeshInstance2" type="MeshInstance" parent="StaticBody"]
mesh = ExtResource( 2 )
material/0 = ExtResource( 3 )

[node name="MeshInstance3" type="MeshInstance" parent="StaticBody"]
mesh = ExtResource( 4 )
material/0 = SubResource( 1 )

[node name="CollisionShape" type="CollisionShape" parent="StaticBody"]
transform = Transform( 1, 0, 0, 0, 1, 0, 0, 0, 1, 0, 3.58361, 0 )
shape = SubResource( 2 )
