[gd_scene load_steps=15 format=2]

[ext_resource path="res://world/environment/global/lighting/GlobalLighting.gd" type="Script" id=1]

[sub_resource type="Curve" id=1]
max_value = 1.4
_data = [ Vector2( 0, 1.4 ), 0.0, 0.0, 0, 0, Vector2( 0.249199, 0.418182 ), 0.0, 0.0, 0, 0, Vector2( 0.499199, 1.07273 ), 0.0, 0.0, 0, 0, Vector2( 0.75, 0.436364 ), 0.0, 0.0, 0, 0, Vector2( 1, 1.4 ), 0.0, 0.0, 0, 0 ]

[sub_resource type="Curve" id=2]
max_value = 2.0
_data = [ Vector2( 0.249206, 1 ), 0.0, 0.0, 0, 0, Vector2( 0.277244, 1.78182 ), 0.0, 0.0, 0, 0, Vector2( 0.325321, 1.2 ), 0.0, 0.0, 0, 0, Vector2( 0.499206, 1.43636 ), 0.0, 0.0, 0, 0, Vector2( 0.665064, 1.23636 ), 0.0, 0.0, 0, 0, Vector2( 0.708333, 1.81818 ), 0.0, 0.0, 0, 0, Vector2( 0.75, 1 ), 0.0, 0.0, 0, 0 ]

[sub_resource type="Curve" id=3]
_data = [ Vector2( 0, 0.0727272 ), 0.0, 0.0, 0, 0, Vector2( 0.245192, 0.0272727 ), 0.0, 0.0, 0, 0, Vector2( 0.5, 0.5 ), 0.0, 0.0, 0, 0, Vector2( 0.749199, 0.1 ), 2.49047, 2.49047, 0, 0, Vector2( 1, 0.0727272 ), 0.0, 0.0, 0, 0 ]

[sub_resource type="Gradient" id=4]
offsets = PoolRealArray( 0, 0.250612, 0.317551, 0.526531, 0.694694, 0.760816, 1 )
colors = PoolColorArray( 0.054902, 0.0588235, 0.0588235, 1, 0.0546875, 0.054534, 0.0448608, 1, 0.296631, 0.46875, 0.46875, 1, 1, 1, 1, 1, 0.492188, 0.301294, 0.148041, 1, 0.109375, 0.108741, 0.0931396, 1, 0.054902, 0.0588235, 0.0588235, 1 )

[sub_resource type="Gradient" id=5]
offsets = PoolRealArray( 0, 0.263673, 0.28, 0.28898, 0.297959, 0.338776, 0.382041, 0.520816, 0.669388, 0.708571, 0.753469, 1 )
colors = PoolColorArray( 0, 0, 0, 1, 0, 0, 0, 1, 0.749023, 0.472151, 0.415474, 1, 0.917969, 0.767505, 0.448227, 1, 0.763672, 0.726436, 0.516075, 1, 0.724609, 0.719424, 0.534966, 1, 0.392838, 0.529297, 0.524499, 1, 0.117615, 0.362403, 0.367188, 1, 0.0458069, 0.117167, 0.148438, 1, 0.171875, 0.09305, 0.0234985, 1, 0, 0, 0, 1, 0, 0, 0, 1 )

[sub_resource type="Gradient" id=6]
offsets = PoolRealArray( 0, 0.25551, 0.275102, 0.284082, 0.302041, 0.36, 0.520816, 0.607347, 0.718367, 0.741224, 0.765714, 1 )
colors = PoolColorArray( 0.0313726, 0.027451, 0.0666667, 1, 0, 0, 0, 1, 0.995117, 0.767315, 0.664707, 1, 0.949219, 0.653544, 0.307755, 1, 0.871094, 0.738494, 0.285828, 1, 0.556274, 0.726562, 0.698625, 1, 0.104279, 0.387053, 0.392578, 1, 0.138893, 0.24871, 0.323242, 1, 0.521484, 0.313761, 0.0590744, 1, 0.194336, 0.0633751, 0.0569344, 1, 0, 0, 0, 1, 0.0313726, 0.027451, 0.0666667, 1 )

[sub_resource type="Curve" id=7]
max_value = 0.5
_data = [ Vector2( 0.274038, 0.5 ), 0.0, 0.0, 0, 0, Vector2( 0.387019, 0.172727 ), 6.02727, 6.02727, 0, 0, Vector2( 0.5, 0.0701656 ), 0.0, 0.0, 0, 0, Vector2( 0.608173, 0.246282 ), -2.13951, -2.13951, 0, 0, Vector2( 0.728365, 0.5 ), 0.0, 0.0, 0, 0 ]

[sub_resource type="Gradient" id=8]
offsets = PoolRealArray( 0, 0.243902, 0.280816, 0.354286, 0.623673, 0.712653, 0.720816, 0.730612, 0.738775, 1 )
colors = PoolColorArray( 0.00784314, 0.00392157, 0.0627451, 1, 0, 0, 0, 1, 1, 0.896564, 0.660156, 1, 0.753906, 0.990307, 1, 1, 0.767674, 0.961785, 0.944056, 1, 0.875, 0.702715, 0.526367, 1, 0.878906, 0.416279, 0.109863, 1, 0.609931, 0.0690938, 0.0690938, 1, 0, 0, 0, 1, 0.00784314, 0.00392157, 0.0627451, 1 )

[sub_resource type="Gradient" id=9]
offsets = PoolRealArray( 0, 0.280936, 0.358885, 0.662207, 0.72898, 0.790204, 1 )
colors = PoolColorArray( 0.682353, 0.701961, 0.768627, 1, 0.507812, 0.483218, 0.370941, 1, 1, 0.914062, 0, 1, 0.970703, 0.677001, 0.018959, 1, 1, 0.277913, 0, 1, 0.199219, 0.136185, 0.136185, 1, 0.682353, 0.701961, 0.768627, 1 )

[sub_resource type="Gradient" id=10]
offsets = PoolRealArray( 0, 0.208163, 0.247373, 0.265158, 0.504446, 0.722716, 0.743735, 0.970612, 1 )
colors = PoolColorArray( 0.054902, 0.054902, 0.0823529, 1, 0.054902, 0.054902, 0.0823529, 1, 0, 0, 0, 1, 0.839844, 0.758545, 0.439606, 1, 1, 1, 1, 1, 0.859375, 0.63252, 0.278625, 1, 0, 0, 0, 1, 0.054902, 0.054902, 0.0823529, 1, 0.054902, 0.054902, 0.0823529, 1 )

[sub_resource type="Curve" id=11]
max_value = 0.3
_data = [ Vector2( 0, 0.02 ), 0.0, 0.0, 0, 0, Vector2( 0.213141, 0.03 ), 0.0, 0.0, 0, 0, Vector2( 0.248387, 0.2 ), 0.0, 0.0, 0, 0, Vector2( 0.325806, 0.0409091 ), -0.328788, -0.328788, 0, 0, Vector2( 0.5, 0.09 ), 0.536237, 0.536237, 0, 0, Vector2( 0.683871, 0.045 ), 0.274039, 0.274039, 0, 0, Vector2( 0.721154, 0.0381818 ), 0.0, 0.0, 0, 0, Vector2( 0.766026, 0.136364 ), 0.0, 0.0, 0, 0, Vector2( 0.800481, 0.03 ), -0.458182, -0.458182, 0, 0, Vector2( 1, 0.02 ), 0.0, 0.0, 0, 0 ]

[sub_resource type="ProceduralSky" id=12]
radiance_size = 0
sky_top_color = Color( 0.00784314, 0.00392157, 0.0627451, 1 )
sky_horizon_color = Color( 0.0313726, 0.027451, 0.0666667, 1 )
sky_curve = 0.5
ground_bottom_color = Color( 0.054902, 0.0588235, 0.0588235, 1 )
ground_horizon_color = Color( 0, 0, 0, 1 )
ground_curve = 0.0727272
sun_color = Color( 0.690196, 0.705883, 0.831372, 2 )
sun_latitude = 90.0
sun_curve = 0.02
texture_size = 0

[sub_resource type="Environment" id=13]
background_mode = 2
background_sky = SubResource( 12 )
background_sky_custom_fov = 70.0
ambient_light_energy = 1.4
fog_enabled = true
fog_color = Color( 0.93, 0.95, 1, 1 )
fog_depth_begin = 256.0
fog_depth_end = 1024.0
fog_transmit_enabled = true
auto_exposure_enabled = true
auto_exposure_scale = 1.2
auto_exposure_min_luma = 2.0
auto_exposure_max_luma = 2.3
auto_exposure_speed = 0.1
glow_enabled = true
glow_intensity = 2.2
glow_hdr_threshold = 0.96

[node name="GlobalLighting" type="Spatial"]
script = ExtResource( 1 )
ambient_curve = SubResource( 1 )
energy_curve = SubResource( 2 )
ground_color_curve = SubResource( 3 )
ground_color_cycle = SubResource( 4 )
horizon_bottom_color_cycle = SubResource( 5 )
horizon_top_color_cycle = SubResource( 6 )
sky_color_curve = SubResource( 7 )
sky_color_cycle = SubResource( 8 )
sun_color_cycle = SubResource( 9 )
sun_light_color_cycle = SubResource( 10 )
sun_curve = SubResource( 11 )

[node name="DirectionalLight" type="DirectionalLight" parent="."]
transform = Transform( 1, 0, 0, 0, -4.37114e-08, 1, 0, -1, -4.37114e-08, 0, 0, 0 )
light_color = Color( 0.054902, 0.054902, 0.0823529, 1 )
shadow_enabled = true

[node name="WorldEnvironment" type="WorldEnvironment" parent="."]
environment = SubResource( 13 )
