[gd_scene load_steps=7 format=2]

[ext_resource path="res://ui/hint/Hint.gd" type="Script" id=1]
[ext_resource path="res://font/Forum/Forum-Regular.ttf" type="DynamicFontData" id=2]

[sub_resource type="StyleBoxFlat" id=1]
content_margin_left = 8.0
content_margin_right = 8.0
content_margin_top = 4.0
content_margin_bottom = 4.0
bg_color = Color( 0, 0, 0, 1 )
corner_radius_top_left = 8
corner_radius_top_right = 8
corner_radius_bottom_right = 8
corner_radius_bottom_left = 8

[sub_resource type="DynamicFont" id=2]
size = 100
outline_size = 2
outline_color = Color( 0, 0, 0, 1 )
use_filter = true
font_data = ExtResource( 2 )

[sub_resource type="DynamicFont" id=3]
size = 26
outline_size = 1
outline_color = Color( 0.439216, 0.439216, 0.439216, 1 )
use_filter = true
font_data = ExtResource( 2 )

[sub_resource type="Animation" id=4]
resource_name = "FadeIn"
length = 7.0
tracks/0/type = "value"
tracks/0/path = NodePath("Title/TitleLabel:modulate")
tracks/0/interp = 2
tracks/0/loop_wrap = true
tracks/0/imported = false
tracks/0/enabled = true
tracks/0/keys = {
"times": PoolRealArray( 0, 0.7, 5.5, 7 ),
"transitions": PoolRealArray( 1, 1, 1, 1 ),
"update": 0,
"values": [ Color( 1, 1, 1, 0 ), Color( 1, 1, 1, 1 ), Color( 1, 1, 1, 1 ), Color( 1, 1, 1, 0 ) ]
}
tracks/1/type = "value"
tracks/1/path = NodePath("TitleSub/TitleSubLabel:modulate")
tracks/1/interp = 1
tracks/1/loop_wrap = true
tracks/1/imported = false
tracks/1/enabled = true
tracks/1/keys = {
"times": PoolRealArray( 0, 0.3, 0.6, 6, 7 ),
"transitions": PoolRealArray( 1, 1, 1, 1, 1 ),
"update": 0,
"values": [ Color( 1, 1, 1, 0 ), Color( 1, 1, 1, 0 ), Color( 1, 1, 1, 1 ), Color( 1, 1, 1, 1 ), Color( 1, 1, 1, 0 ) ]
}

[node name="Hint" type="Control"]
anchor_right = 1.0
anchor_bottom = 1.0
script = ExtResource( 1 )
__meta__ = {
"_edit_use_anchors_": false
}

[node name="CenterLabel" type="Label" parent="."]
visible = false
anchor_left = 0.5
anchor_top = 0.5
anchor_right = 0.5
anchor_bottom = 0.5
margin_left = -69.5
margin_top = -41.5
margin_right = 69.5
margin_bottom = -19.5
custom_styles/normal = SubResource( 1 )
text = "ControlLabel"
align = 1
__meta__ = {
"_edit_use_anchors_": false
}

[node name="CenterHint" type="Label" parent="."]
anchor_left = 0.5
anchor_top = 0.5
anchor_right = 0.5
anchor_bottom = 0.5
margin_left = -20.0
margin_top = -7.0
margin_right = 20.0
margin_bottom = 7.0
text = "+"
align = 1
valign = 1
__meta__ = {
"_edit_use_anchors_": false
}

[node name="QuestTitle" type="Control" parent="."]
anchor_left = 0.5
anchor_top = 0.5
anchor_right = 0.5
anchor_bottom = 0.5
margin_left = -20.0
margin_top = -20.0
margin_right = 20.0
margin_bottom = 20.0
mouse_filter = 1
__meta__ = {
"_edit_use_anchors_": false
}

[node name="Title" type="Control" parent="QuestTitle"]
anchor_left = 0.5
anchor_top = 0.5
anchor_right = 0.5
anchor_bottom = 0.5
margin_left = -20.0
margin_top = -41.4187
margin_right = 20.0
margin_bottom = -1.41867
mouse_filter = 1
__meta__ = {
"_edit_use_anchors_": false
}

[node name="TitleLabel" type="Label" parent="QuestTitle/Title"]
anchor_left = 0.5
anchor_top = 0.5
anchor_right = 0.5
anchor_bottom = 0.5
margin_left = -223.5
margin_top = -55.5
margin_right = 223.5
margin_bottom = 55.5
custom_fonts/font = SubResource( 2 )
text = "Quest Title"
__meta__ = {
"_edit_use_anchors_": false
}

[node name="TitleSub" type="Control" parent="QuestTitle"]
anchor_left = 0.5
anchor_top = 0.5
anchor_right = 0.5
anchor_bottom = 0.5
margin_left = -20.0
margin_top = -41.4187
margin_right = 20.0
margin_bottom = -1.41867
mouse_filter = 1
__meta__ = {
"_edit_use_anchors_": false
}

[node name="TitleSubLabel" type="Label" parent="QuestTitle/TitleSub"]
anchor_left = 0.5
anchor_top = 0.5
anchor_right = 0.5
anchor_bottom = 0.5
margin_left = -265.0
margin_top = 50.3274
margin_right = 265.0
margin_bottom = 102.327
custom_fonts/font = SubResource( 3 )
custom_constants/line_spacing = -2
text = "Something about this quest concerns me, and it might
require some more attention..."
align = 1
__meta__ = {
"_edit_use_anchors_": false
}

[node name="QuestTitleAnimation" type="AnimationPlayer" parent="QuestTitle"]
anims/FadeIn = SubResource( 4 )
