[gd_scene load_steps=20 format=2]

[ext_resource path="res://shader/water/Water.shader" type="Shader" id=1]
[ext_resource path="res://texture/water/water.png" type="Texture" id=2]
[ext_resource path="res://player/controller/freelook/FreelookController.tscn" type="PackedScene" id=3]



[sub_resource type="SpatialMaterial" id=1]
albedo_color = Color( 0.301961, 0.356863, 0.180392, 1 )

[sub_resource type="CubeMesh" id=2]
material = SubResource( 1 )
size = Vector3( 8, 8, 2 )

[sub_resource type="CubeMesh" id=3]
material = SubResource( 1 )
size = Vector3( 8, 2, 2 )

[sub_resource type="CubeMesh" id=4]
material = SubResource( 1 )
size = Vector3( 7, 2, 6 )

[sub_resource type="CylinderMesh" id=5]
top_radius = 0.5

[sub_resource type="SpatialMaterial" id=6]
albedo_color = Color( 1, 0.447059, 0, 1 )

[sub_resource type="CylinderMesh" id=7]
top_radius = 0.5

[sub_resource type="SpatialMaterial" id=8]
albedo_color = Color( 1, 0, 0, 1 )

[sub_resource type="CylinderMesh" id=9]
top_radius = 0.5

[sub_resource type="SpatialMaterial" id=10]
albedo_color = Color( 0.992157, 1, 0, 1 )

[sub_resource type="PlaneMesh" id=11]
size = Vector2( 6, 6 )
subdivide_width = 10
subdivide_depth = 10

[sub_resource type="ShaderMaterial" id=12]
shader = ExtResource( 1 )
shader_param/murkiness = 1.0
shader_param/roughness = 0.0
shader_param/shallow_fade = 0.687
shader_param/normal_intensity = 0.2
shader_param/refract_intensity = 0.132
shader_param/refract_bias = 0.007
shader_param/color_shallow = Color( 1, 1, 1, 1 )
shader_param/color_deep = Color( 0, 0.005, 0.01, 1 )
shader_param/wave_amplitude = 0.05
shader_param/wave_scale = 9.0
shader_param/wave_speed = 1.0
shader_param/wave_texture = ExtResource( 2 )

[sub_resource type="BoxShape" id=13]
extents = Vector3( 3, 1, 3 )

[sub_resource type="BoxShape" id=14]
extents = Vector3( 3, 4.00961, 3 )

[sub_resource type="ProceduralSky" id=15]
sky_top_color = Color( 0.588235, 0.819608, 0.945098, 1 )
sun_curve = 0.0129408
sun_energy = 10.0

[sub_resource type="Environment" id=16]
background_mode = 2
background_sky = SubResource( 15 )

[node name="Spatial" type="Spatial"]

[node name="FreelookController" parent="." instance=ExtResource( 3 )]
transform = Transform( 1, 0, 0, 0, 1, 0, 0, 0, 1, 0, 4, 4 )
active = true

[node name="Pools" type="Spatial" parent="."]

[node name="MeshInstance" type="MeshInstance" parent="Pools"]
transform = Transform( -4.37114e-08, 0, -1, 0, 1, 0, 1, 0, -4.37114e-08, 4, -2, -1 )
mesh = SubResource( 2 )
material/0 = null

[node name="MeshInstance2" type="MeshInstance" parent="Pools"]
transform = Transform( 1, 0, 0, 0, 1, 0, 0, 0, 1, 1, -2, 4 )
mesh = SubResource( 2 )
material/0 = SubResource( 1 )

[node name="MeshInstance3" type="MeshInstance" parent="Pools"]
transform = Transform( -4.37114e-08, 0, -1, 0, 1, 0, 1, 0, -4.37114e-08, -4, -2, 1 )
mesh = SubResource( 2 )
material/0 = null

[node name="MeshInstance4" type="MeshInstance" parent="Pools"]
transform = Transform( 1, 0, 0, 0, 1, 0, 0, 0, 1, -1, -2, -4 )
mesh = SubResource( 2 )
material/0 = null

[node name="MeshInstance5" type="MeshInstance" parent="Pools"]
transform = Transform( -4.37114e-08, 0, -1, 0, 1, 0, 1, 0, -4.37114e-08, 12, 1, 1 )
mesh = SubResource( 3 )
material/0 = null

[node name="MeshInstance6" type="MeshInstance" parent="Pools"]
transform = Transform( 1, 0, 0, 0, 1, 0, 0, 0, 1, 9, 1, -4 )
mesh = SubResource( 3 )
material/0 = null

[node name="MeshInstance7" type="MeshInstance" parent="Pools"]
transform = Transform( 1, 0, 0, 0, 1, 0, 0, 0, 1, 9, 1, 4 )
mesh = SubResource( 3 )
material/0 = null

[node name="MeshInstance8" type="MeshInstance" parent="Pools"]
transform = Transform( 0.953022, -0.302902, 0, 0.302902, 0.953022, 0, 0, 0, 1, 8, 0.0163515, -2.38419e-07 )
mesh = SubResource( 4 )
material/0 = null

[node name="MeshInstance12" type="MeshInstance" parent="Pools"]
transform = Transform( 1, 0, 0, 0, 1, 0, 0, 0, 1, -8, -7, 0 )
mesh = SubResource( 4 )
material/0 = null

[node name="MeshInstance11" type="MeshInstance" parent="Pools"]
transform = Transform( 1, 0, 0, 0, 1, 0, 0, 0, 1, -7, -2, 4 )
mesh = SubResource( 2 )
material/0 = null

[node name="MeshInstance10" type="MeshInstance" parent="Pools"]
transform = Transform( -4.37114e-08, 0, -1, 0, 1, 0, 1, 0, -4.37114e-08, -12, -2, 1 )
mesh = SubResource( 2 )
material/0 = null

[node name="MeshInstance9" type="MeshInstance" parent="Pools"]
transform = Transform( 1, 0, 0, 0, 1, 0, 0, 0, 1, -9, -2, -4 )
mesh = SubResource( 2 )
material/0 = null

[node name="MeshInstance13" type="MeshInstance" parent="Pools"]
transform = Transform( 1, 0, 0, 0, 1, 0, 0, 0, 1, 0, -1, 0 )
mesh = SubResource( 4 )
material/0 = null

[node name="Cones" type="Spatial" parent="."]

[node name="MeshInstance" type="MeshInstance" parent="Cones"]
transform = Transform( 1, 0, 0, 0, 1, 0, 0, 0, 1, 0, 3, -4 )
mesh = SubResource( 5 )
material/0 = SubResource( 6 )

[node name="MeshInstance2" type="MeshInstance" parent="Cones"]
transform = Transform( 1, 0, 0, 0, 1, 0, 0, 0, 1, -8, 3, -4 )
mesh = SubResource( 7 )
material/0 = SubResource( 8 )

[node name="MeshInstance3" type="MeshInstance" parent="Cones"]
transform = Transform( 1, 0, 0, 0, 1, 0, 0, 0, 1, 8, 3, -4 )
mesh = SubResource( 9 )
material/0 = SubResource( 10 )

[node name="MeshInstance6" type="MeshInstance" parent="Cones"]
transform = Transform( 1, 0, 0, 0, 1, 0, 0, 0, 1, 0, 2, 0 )
mesh = SubResource( 5 )
material/0 = SubResource( 6 )

[node name="MeshInstance5" type="MeshInstance" parent="Cones"]
transform = Transform( 1, 0, 0, 0, 1, 0, 0, 0, 1, -8, 2, 0 )
mesh = SubResource( 7 )
material/0 = SubResource( 8 )

[node name="MeshInstance4" type="MeshInstance" parent="Cones"]
transform = Transform( 1, 0, 0, 0, 1, 0, 0, 0, 1, 8, 2, 0 )
mesh = SubResource( 9 )
material/0 = SubResource( 10 )

[node name="WaterBody" type="Spatial" parent="."]
transform = Transform( 1, 0, 0, 0, 1, 0, 0, 0, 1, 8, 1.87837, 0 )

[node name="MeshInstance" type="MeshInstance" parent="WaterBody"]
cast_shadow = 0
mesh = SubResource( 11 )
material/0 = SubResource( 12 )

[node name="Area" type="Area" parent="WaterBody" groups=[
"ui_effect",
"ui_effect_underwater",
]]

[node name="CollisionShape" type="CollisionShape" parent="WaterBody/Area"]
transform = Transform( 1, 0, 0, 0, 1, 0, 0, 0, 1, 0, -1, 0 )
shape = SubResource( 13 )

[node name="WaterBody2" type="Spatial" parent="."]
transform = Transform( 1, 0, 0, 0, 1, 0, 0, 0, 1, 0, 1.87837, 0 )

[node name="MeshInstance" type="MeshInstance" parent="WaterBody2"]
cast_shadow = 0
mesh = SubResource( 11 )
material/0 = SubResource( 12 )

[node name="Area" type="Area" parent="WaterBody2" groups=[
"ui_effect",
"ui_effect_underwater",
]]

[node name="CollisionShape" type="CollisionShape" parent="WaterBody2/Area"]
transform = Transform( 1, 0, 0, 0, 1, 0, 0, 0, 1, 0, -1, 0 )
shape = SubResource( 13 )

[node name="WaterBody3" type="Spatial" parent="."]
transform = Transform( 1, 0, 0, 0, 1, 0, 0, 0, 1, -8, 1.87837, 0 )

[node name="MeshInstance" type="MeshInstance" parent="WaterBody3"]
cast_shadow = 0
mesh = SubResource( 11 )
material/0 = SubResource( 12 )

[node name="Area" type="Area" parent="WaterBody3" groups=[
"ui_effect",
"ui_effect_underwater",
]]

[node name="CollisionShape" type="CollisionShape" parent="WaterBody3/Area"]
transform = Transform( 1, 0, 0, 0, 1, 0, 0, 0, 1, 0, -4, 0 )
shape = SubResource( 14 )

[node name="WorldEnvironment" type="WorldEnvironment" parent="."]
environment = SubResource( 16 )

[node name="DirectionalLight" type="DirectionalLight" parent="WorldEnvironment"]
transform = Transform( 1, 0, 0, 0, -0.707107, 0.707107, 0, -0.707107, -0.707107, 0, 8, 0 )
shadow_enabled = true
