[gd_scene load_steps=6 format=2]

[ext_resource path="res://player/observer/Observer.gd" type="Script" id=1]

[sub_resource type="SphereShape" id=5]
radius = 100.0

[sub_resource type="SphereShape" id=6]
radius = 50.0

[sub_resource type="SphereMesh" id=3]
radius = 0.04
height = 0.08
radial_segments = 4
rings = 1

[sub_resource type="SpatialMaterial" id=4]
albedo_color = Color( 1, 0, 0, 1 )

[node name="Observer" type="Spatial" groups=[
"observer",
]]
transform = Transform( 0.99964, 0, 0, 0, 1, 0, 0, 0, 0.99964, 0, 0, 0 )
script = ExtResource( 1 )

[node name="Influence" type="Area" parent="." groups=[
"observer",
]]
input_ray_pickable = false

[node name="Far" type="CollisionShape" parent="Influence"]
shape = SubResource( 5 )
disabled = true

[node name="Update" type="Area" parent="." groups=[
"observer",
]]
input_ray_pickable = false

[node name="Near" type="CollisionShape" parent="Update"]
shape = SubResource( 6 )
disabled = true

[node name="DebugMesh" type="MeshInstance" parent="."]
transform = Transform( 1, 0, -2.98023e-08, 0, 1, 0, 2.98023e-08, 0, 1, 0, 0, 0 )
visible = false
mesh = SubResource( 3 )
material/0 = SubResource( 4 )

[connection signal="area_entered" from="Influence" to="." method="_on_Influence_area_entered"]
[connection signal="area_exited" from="Influence" to="." method="_on_Influence_area_exited"]
[connection signal="area_entered" from="Update" to="." method="_on_Update_area_entered"]
[connection signal="area_exited" from="Update" to="." method="_on_Update_area_exited"]
