[gd_scene load_steps=8 format=2]

[ext_resource path="res://actor/person/skeleton/rigidbodies/head/PersonHead.tscn" type="PackedScene" id=1]
[ext_resource path="res://actor/person/skeleton/rigidbodies/upperbody/UpperBody.tscn" type="PackedScene" id=2]
[ext_resource path="res://actor/person/skeleton/rigidbodies/leg/PersonLeg.tscn" type="PackedScene" id=3]
[ext_resource path="res://actor/person/skeleton/rigidbodies/arm/PersonArm.tscn" type="PackedScene" id=4]
[ext_resource path="res://actor/person/skeleton/SkeletonBodies.gd" type="Script" id=6]

[sub_resource type="GDScript" id=1]
script/source = "tool
extends Spatial


export(Color) var skin_color setget _set_skin_color
func _set_skin_color(_skin_color):
	skin_color = _skin_color
	rebuild_skin()


export(int, 0, 9999) var variant = 0 setget _set_variant
func _set_variant(_variant):
	variant = _variant
	rebuild_variants()


func rebuild():
	if !is_inside_tree(): return
	
	rebuild_skin()
	rebuild_variants()


func rebuild_life():
	$Upper/PersonHead.life = 0.0


func rebuild_skin():
	var skin_material = SpatialMaterial.new()
	skin_material.albedo_color = skin_color
	
	if !is_inside_tree(): return
	$Upper/PersonHead.skin_material = skin_material
	$Upper/ArmRight/PersonArm.skin_material = skin_material
	$Upper/ArmLeft/PersonArm.skin_material = skin_material
	$Lower/PersonLegLeft/PersonLeg.skin_material = skin_material
	$Lower/PersonLegRight/PersonLeg.skin_material = skin_material


func rebuild_variants():
	if !is_inside_tree(): return
	
	var rng = RandomNumberGenerator.new()
	rng.seed = variant
	
	$Upper/PersonHead.variant                     = rng.randi()
	$Upper/UpperBody.variant                = rng.randi()
	
	var arm_variant = rng.randi()
	$Upper/ArmLeft/PersonArm.variant        = arm_variant
	$Upper/ArmRight/PersonArm.variant       = arm_variant
	
	var leg_variant = rng.randi()
	$Lower/PersonLegLeft/PersonLeg.variant  = leg_variant
	$Lower/PersonLegRight/PersonLeg.variant = leg_variant


func _ready():
	rebuild()
"

[sub_resource type="SpatialMaterial" id=2]
albedo_color = Color( 0, 0, 0, 1 )

[node name="SkeletonBodies" type="Spatial"]
script = ExtResource( 6 )

[node name="PersonBody" type="Spatial" parent="."]
script = SubResource( 1 )
skin_color = Color( 0.980392, 0.74902, 0.494118, 1 )

[node name="Upper" type="Spatial" parent="PersonBody"]

[node name="PersonHead" parent="PersonBody/Upper" instance=ExtResource( 1 )]
transform = Transform( 1, 0, 0, 0, 1, 0, 0, 0, 1, 0, 0.7, 0 )
mode = 1
mass = 1.53061
variant = 881477183
skin_material = SubResource( 2 )

[node name="UpperBody" parent="PersonBody/Upper" instance=ExtResource( 2 )]
mode = 1
mass = 4.59184
variant = 1327520283

[node name="ArmRight" type="Spatial" parent="PersonBody/Upper"]
transform = Transform( 0.0871558, 0.996195, 0, -0.996195, 0.0871558, 0, 0, 0, 1, 0.257, 0.56, 0 )

[node name="PersonArm" parent="PersonBody/Upper/ArmRight" instance=ExtResource( 4 )]
transform = Transform( 1, 0, 1.42109e-14, 0, 1, 0, -1.42109e-14, 0, 1, 0, 0, 0 )
variant = 692503688
skin_material = SubResource( 2 )

[node name="ArmLeft" type="Spatial" parent="PersonBody/Upper"]
transform = Transform( -0.0871558, 0.996195, 0, -0.996195, -0.0871558, 0, 0, 0, 1, -0.257, 0.56, 0 )

[node name="PersonArm" parent="PersonBody/Upper/ArmLeft" instance=ExtResource( 4 )]
transform = Transform( 1, 0, 1.06581e-14, 0, 1, 0, -1.06581e-14, 0, 1, 0, 0, 0 )
variant = 692503688
skin_material = SubResource( 2 )

[node name="Lower" type="Spatial" parent="PersonBody"]

[node name="PersonLegLeft" type="Spatial" parent="PersonBody/Lower"]
transform = Transform( 1, 0, 0, 0, 1, 0, 0, 0, 1, -0.125, -0.0714565, 0 )

[node name="PersonLeg" parent="PersonBody/Lower/PersonLegLeft" instance=ExtResource( 3 )]
skin_material = SubResource( 2 )
variant = 2153658078

[node name="PersonLegRight" type="Spatial" parent="PersonBody/Lower"]
transform = Transform( 1, 0, 0, 0, 1, 0, 0, 0, 1, 0.125, -0.0714565, 0 )

[node name="PersonLeg" parent="PersonBody/Lower/PersonLegRight" instance=ExtResource( 3 )]
skin_material = SubResource( 2 )
variant = 2153658078
