[gd_scene load_steps=12 format=2]

[ext_resource path="res://font/Forum/Forum-Regular.ttf" type="DynamicFontData" id=1]
[ext_resource path="res://texture/ui/star.png" type="Texture" id=2]
[ext_resource path="res://ui/achievement/Achievement.gd" type="Script" id=3]

[sub_resource type="StyleBoxFlat" id=5]
bg_color = Color( 0.0666667, 0.0666667, 0.0666667, 1 )
corner_radius_top_left = 20
corner_radius_top_right = 20
corner_radius_bottom_right = 20
corner_radius_bottom_left = 20

[sub_resource type="StyleBoxTexture" id=4]
texture = ExtResource( 2 )
region_rect = Rect2( 0, 0, 128, 128 )
margin_left = 40.0
margin_top = 40.0

[sub_resource type="DynamicFont" id=3]
size = 26
outline_size = 1
outline_color = Color( 0.439216, 0.439216, 0.439216, 1 )
use_filter = true
font_data = ExtResource( 1 )

[sub_resource type="DynamicFont" id=6]
size = 18
outline_size = 1
outline_color = Color( 0.101961, 0.101961, 0.101961, 1 )
use_filter = true
font_data = ExtResource( 1 )

[sub_resource type="Gradient" id=9]
colors = PoolColorArray( 1, 1, 1, 1, 1, 1, 1, 0 )

[sub_resource type="GradientTexture" id=10]
gradient = SubResource( 9 )

[sub_resource type="ParticlesMaterial" id=8]
flag_disable_z = true
spread = 180.0
gravity = Vector3( 0, 1, 0 )
initial_velocity = 307.81
initial_velocity_random = 0.55
angular_velocity = 77.98
angular_velocity_random = 0.19
orbit_velocity = 0.0
orbit_velocity_random = 0.0
scale = 0.3
color_ramp = SubResource( 10 )

[sub_resource type="Animation" id=7]
resource_name = "AchievementUnlocked"
length = 10.0
tracks/0/type = "value"
tracks/0/path = NodePath("Center/PullDown:rect_position")
tracks/0/interp = 1
tracks/0/loop_wrap = true
tracks/0/imported = false
tracks/0/enabled = true
tracks/0/keys = {
"times": PoolRealArray( 0, 1, 6, 10 ),
"transitions": PoolRealArray( 0.203063, 1, 3.13834, 1 ),
"update": 0,
"values": [ Vector2( 0, -2000 ), Vector2( 0, 0 ), Vector2( 0, 0 ), Vector2( 0, -2000 ) ]
}
tracks/1/type = "value"
tracks/1/path = NodePath("Center/PullDown/Container/MarginContainer/HBoxContainer/Shadow:rect_rotation")
tracks/1/interp = 1
tracks/1/loop_wrap = true
tracks/1/imported = false
tracks/1/enabled = true
tracks/1/keys = {
"times": PoolRealArray( 0, 2 ),
"transitions": PoolRealArray( 0.554785, 1 ),
"update": 0,
"values": [ 0.0, 360.0 ]
}
tracks/2/type = "value"
tracks/2/path = NodePath("Center/PullDown/Container/MarginContainer/HBoxContainer/Shadow:modulate")
tracks/2/interp = 1
tracks/2/loop_wrap = true
tracks/2/imported = false
tracks/2/enabled = true
tracks/2/keys = {
"times": PoolRealArray( 0, 1, 1.5, 2 ),
"transitions": PoolRealArray( 1, 1, 1, 1 ),
"update": 0,
"values": [ Color( 0, 0, 0, 1 ), Color( 1, 1, 1, 1 ), Color( 1, 1, 1, 1 ), Color( 1, 1, 1, 0 ) ]
}
tracks/3/type = "value"
tracks/3/path = NodePath("Center/PullDown/Container/MarginContainer/HBoxContainer2/Star:rect_rotation")
tracks/3/interp = 1
tracks/3/loop_wrap = true
tracks/3/imported = false
tracks/3/enabled = true
tracks/3/keys = {
"times": PoolRealArray( 0, 2 ),
"transitions": PoolRealArray( 0.55, 1 ),
"update": 0,
"values": [ 0.0, 360.0 ]
}
tracks/4/type = "value"
tracks/4/path = NodePath("Center/PullDown/Container/MarginContainer/HBoxContainer/VBoxContainer/Shadow:modulate")
tracks/4/interp = 1
tracks/4/loop_wrap = true
tracks/4/imported = false
tracks/4/enabled = true
tracks/4/keys = {
"times": PoolRealArray( 0, 1, 2 ),
"transitions": PoolRealArray( 1, 1, 1 ),
"update": 0,
"values": [ Color( 1, 1, 1, 1 ), Color( 1, 1, 1, 1 ), Color( 1, 1, 1, 0 ) ]
}
tracks/5/type = "value"
tracks/5/path = NodePath("Center/PullDown/Container/MarginContainer/HBoxContainer/Particles:emitting")
tracks/5/interp = 1
tracks/5/loop_wrap = true
tracks/5/imported = false
tracks/5/enabled = true
tracks/5/keys = {
"times": PoolRealArray( 1.5, 2, 2.5 ),
"transitions": PoolRealArray( 1, 1, 1 ),
"update": 1,
"values": [ false, true, false ]
}

[node name="Achievement" type="Control"]
anchor_right = 1.0
anchor_bottom = 1.0
script = ExtResource( 3 )
__meta__ = {
"_edit_use_anchors_": false
}
achievement_color = Color( 0.952941, 0.870588, 0, 1 )

[node name="Center" type="Control" parent="."]
anchor_left = 0.5
anchor_top = 0.5
anchor_right = 0.5
anchor_bottom = 0.5
margin_left = -20.0
margin_top = -20.0
margin_right = 20.0
margin_bottom = 20.0
__meta__ = {
"_edit_use_anchors_": false
}

[node name="PullDown" type="Control" parent="Center"]
anchor_left = 0.5
anchor_top = 0.5
anchor_right = 0.5
anchor_bottom = 0.5
margin_left = -20.0
margin_top = -2020.0
margin_right = 20.0
margin_bottom = -1980.0
__meta__ = {
"_edit_use_anchors_": false
}

[node name="Container" type="PanelContainer" parent="Center/PullDown"]
anchor_left = 0.5
anchor_top = 0.5
anchor_right = 0.5
anchor_bottom = 0.5
margin_left = -185.0
margin_top = -30.5
margin_right = 185.0
margin_bottom = 30.5
custom_styles/panel = SubResource( 5 )
__meta__ = {
"_edit_use_anchors_": false
}

[node name="MarginContainer" type="MarginContainer" parent="Center/PullDown/Container"]
margin_right = 370.0
margin_bottom = 61.0
custom_constants/margin_right = 15
custom_constants/margin_top = 5
custom_constants/margin_left = 15
custom_constants/margin_bottom = 5
__meta__ = {
"_edit_use_anchors_": false
}

[node name="HBoxContainer2" type="HBoxContainer" parent="Center/PullDown/Container/MarginContainer"]
margin_left = 15.0
margin_top = 5.0
margin_right = 355.0
margin_bottom = 56.0
custom_constants/separation = 7
__meta__ = {
"_edit_use_anchors_": false
}

[node name="Star" type="PanelContainer" parent="Center/PullDown/Container/MarginContainer/HBoxContainer2"]
modulate = Color( 0.952941, 0.870588, 0, 1 )
margin_top = 5.0
margin_right = 40.0
margin_bottom = 45.0
rect_pivot_offset = Vector2( 20, 20 )
size_flags_horizontal = 4
size_flags_vertical = 4
custom_styles/panel = SubResource( 4 )
__meta__ = {
"_edit_use_anchors_": false
}

[node name="VBoxContainer" type="VBoxContainer" parent="Center/PullDown/Container/MarginContainer/HBoxContainer2"]
margin_left = 47.0
margin_right = 340.0
margin_bottom = 51.0
custom_constants/separation = 0

[node name="Achievement" type="Label" parent="Center/PullDown/Container/MarginContainer/HBoxContainer2/VBoxContainer"]
modulate = Color( 0.952941, 0.870588, 0, 1 )
margin_right = 293.0
margin_bottom = 30.0
custom_fonts/font = SubResource( 3 )
text = "Achievement Unlocked!"
align = 1
__meta__ = {
"_edit_use_anchors_": false
}

[node name="Description" type="Label" parent="Center/PullDown/Container/MarginContainer/HBoxContainer2/VBoxContainer"]
margin_top = 30.0
margin_right = 293.0
margin_bottom = 51.0
custom_fonts/font = SubResource( 6 )
text = "Looked at Achievement.tscn, nice job :D"
__meta__ = {
"_edit_use_anchors_": false
}

[node name="HBoxContainer" type="HBoxContainer" parent="Center/PullDown/Container/MarginContainer"]
margin_left = 15.0
margin_top = 5.0
margin_right = 355.0
margin_bottom = 56.0
custom_constants/separation = 7
__meta__ = {
"_edit_use_anchors_": false
}

[node name="Shadow" type="PanelContainer" parent="Center/PullDown/Container/MarginContainer/HBoxContainer"]
modulate = Color( 0, 0, 0, 1 )
margin_top = 5.0
margin_right = 40.0
margin_bottom = 45.0
rect_pivot_offset = Vector2( 20, 20 )
size_flags_horizontal = 4
size_flags_vertical = 4
custom_styles/panel = SubResource( 4 )
__meta__ = {
"_edit_use_anchors_": false
}

[node name="VBoxContainer" type="VBoxContainer" parent="Center/PullDown/Container/MarginContainer/HBoxContainer"]
margin_left = 47.0
margin_right = 340.0
margin_bottom = 51.0
custom_constants/separation = 0

[node name="Shadow" type="Label" parent="Center/PullDown/Container/MarginContainer/HBoxContainer/VBoxContainer"]
margin_right = 293.0
margin_bottom = 30.0
custom_fonts/font = SubResource( 3 )
text = "Achievement Unlocked!"
align = 1
__meta__ = {
"_edit_use_anchors_": false
}

[node name="Description" type="Label" parent="Center/PullDown/Container/MarginContainer/HBoxContainer/VBoxContainer"]
margin_top = 30.0
margin_right = 293.0
margin_bottom = 51.0
custom_fonts/font = SubResource( 6 )
text = "Looked at Achievement.tscn, nice job :D"
__meta__ = {
"_edit_use_anchors_": false
}

[node name="Particles" type="Particles2D" parent="Center/PullDown/Container/MarginContainer/HBoxContainer"]
modulate = Color( 0.952941, 0.870588, 0, 1 )
position = Vector2( 20.14, 26.1674 )
rotation = -0.000260592
scale = Vector2( 1, 1 )
emitting = false
amount = 10
lifetime = 3.0
one_shot = true
explosiveness = 1.0
visibility_rect = Rect2( -1500, -1500, 3000, 3000 )
process_material = SubResource( 8 )
texture = ExtResource( 2 )

[node name="AnimationPlayer" type="AnimationPlayer" parent="."]
anims/AchievementUnlocked = SubResource( 7 )
