[gd_scene load_steps=22 format=2]

[ext_resource path="res://world/house/parts/foundation/StoneFoundation2x1.tscn" type="PackedScene" id=1]
[ext_resource path="res://world/house/frame/WallPillar2y.tscn" type="PackedScene" id=2]
[ext_resource path="res://world/house/frame/RoofPillar4x.tscn" type="PackedScene" id=3]
[ext_resource path="res://world/house/frame/RoofPillar2x.tscn" type="PackedScene" id=4]
[ext_resource path="res://world/house/frame/RoofFrame.tscn" type="PackedScene" id=5]
[ext_resource path="res://world/house/parts/exterior/Wall0.5x.tscn" type="PackedScene" id=6]
[ext_resource path="res://world/house/parts/exterior/Wall2x.tscn" type="PackedScene" id=7]
[ext_resource path="res://world/house/parts/exterior/WallWindow.tscn" type="PackedScene" id=8]
[ext_resource path="res://world/house/parts/exterior/Wall.tscn" type="PackedScene" id=9]
[ext_resource path="res://world/house/parts/exterior/WallDoor.tscn" type="PackedScene" id=10]
[ext_resource path="res://world/house/parts/interior/roof/RoofPanelFlatInterior.tscn" type="PackedScene" id=11]
[ext_resource path="res://world/house/parts/exterior/roof/RoofCapRight.tscn" type="PackedScene" id=12]
[ext_resource path="res://world/house/parts/exterior/roof/RoofCapLeft.tscn" type="PackedScene" id=13]
[ext_resource path="res://world/house/parts/exterior/roof/RoofCapWall2x.tscn" type="PackedScene" id=14]
[ext_resource path="res://world/house/parts/exterior/roof/RoofPanelFlat2x2z.tscn" type="PackedScene" id=15]
[ext_resource path="res://world/house/parts/exterior/roof/RoofPanel2x.tscn" type="PackedScene" id=16]
[ext_resource path="res://world/house/parts/Window.tscn" type="PackedScene" id=17]
[ext_resource path="res://world/house/parts/door/Door.tscn" type="PackedScene" id=18]
[ext_resource path="res://world/house/parts/interior/WoodenFloor.tscn" type="PackedScene" id=20]
[ext_resource path="res://world/house/parts/interior/FloorStairs.tscn" type="PackedScene" id=29]
[ext_resource path="res://world/house/parts/interior/Stairs.tscn" type="PackedScene" id=30]

[node name="CarpentersHouse" type="Spatial"]

[node name="Frame" type="Spatial" parent="."]

[node name="WallPillarDouble" parent="Frame" instance=ExtResource( 2 )]
transform = Transform( 1, 0, 0, 0, 1, 0, 0, 0, 1, -3, 3, -6 )

[node name="WallPillarDouble6" parent="Frame" instance=ExtResource( 2 )]
transform = Transform( 1, 0, 0, 0, 1, 0, 0, 0, 1, -3, 3, 0 )

[node name="WallPillarDouble2" parent="Frame" instance=ExtResource( 2 )]
transform = Transform( 1, 0, 0, 0, 1, 0, 0, 0, 1, 3, 3, -6 )

[node name="WallPillarDouble3" parent="Frame" instance=ExtResource( 2 )]
transform = Transform( 1, 0, 0, 0, 1, 0, 0, 0, 1, 3, 3, 6 )

[node name="WallPillarDouble5" parent="Frame" instance=ExtResource( 2 )]
transform = Transform( 1, 0, 0, 0, 1, 0, 0, 0, 1, 3, 3, 0 )

[node name="WallPillarDouble4" parent="Frame" instance=ExtResource( 2 )]
transform = Transform( 1, 0, 0, 0, 1, 0, 0, 0, 1, -3, 3, 6 )

[node name="RoofPillar4x2" parent="Frame" instance=ExtResource( 3 )]
transform = Transform( -1.62921e-07, 0, 1, 0, 1, 0, -1, 0, -1.62921e-07, -3, 6, 0 )

[node name="RoofPillar4x4" parent="Frame" instance=ExtResource( 3 )]
transform = Transform( -1.62921e-07, 0, 1, 0, 1, 0, -1, 0, -1.62921e-07, -3, 3, 0 )

[node name="RoofPillar4x5" parent="Frame" instance=ExtResource( 3 )]
transform = Transform( -1.62921e-07, 0, 1, 0, 1, 0, -1, 0, -1.62921e-07, 3, 3, 0 )

[node name="RoofPillar4x3" parent="Frame" instance=ExtResource( 3 )]
transform = Transform( -1.62921e-07, 0, 1, 0, 1, 0, -1, 0, -1.62921e-07, 3, 6, 0 )

[node name="RoofPillar4x6" parent="Frame" instance=ExtResource( 3 )]
transform = Transform( -1.62921e-07, 0, 1, 0, 1, 0, -1, 0, -1.62921e-07, 3, 6, 0 )

[node name="RoofPillar2x2" parent="Frame" instance=ExtResource( 4 )]
transform = Transform( 1, 0, 0, 0, 1, 0, 0, 0, 1, 0, 6, -6 )

[node name="RoofPillar2x4" parent="Frame" instance=ExtResource( 4 )]
transform = Transform( 1, 0, 0, 0, 1, 0, 0, 0, 1, 0, 3, -6 )

[node name="RoofPillar2x3" parent="Frame" instance=ExtResource( 4 )]
transform = Transform( 1, 0, 0, 0, 1, 0, 0, 0, 1, 0, 6, 6 )

[node name="RoofPillar2x7" parent="Frame" instance=ExtResource( 4 )]
transform = Transform( -4.37114e-08, 0, 1, 0, 1, 0, -1, 0, -4.37114e-08, 3, 9, 0 )

[node name="RoofPillar2x8" parent="Frame" instance=ExtResource( 4 )]
transform = Transform( -4.37114e-08, 0, 1, 0, 1, 0, -1, 0, -4.37114e-08, -3, 9, 0 )

[node name="RoofPillar2x5" parent="Frame" instance=ExtResource( 4 )]
transform = Transform( 1, 0, 0, 0, 1, 0, 0, 0, 1, 0, 3, 6 )

[node name="RoofPillar2x6" parent="Frame" instance=ExtResource( 4 )]
transform = Transform( 1, 0, 0, 0, 1, 0, 0, 0, 1, 0, 3, 0 )

[node name="RoofFrame" parent="Frame" instance=ExtResource( 5 )]
transform = Transform( 1, 0, 0, 0, 1, 0, 0, 0, 1, 0, 9, 3 )

[node name="RoofFrame2" parent="Frame" instance=ExtResource( 5 )]
transform = Transform( 1, 0, 0, 0, 1, 0, 0, 0, 1, 0, 9, -3 )

[node name="Foundation" type="Spatial" parent="."]

[node name="StoneFoundation" parent="Foundation" instance=ExtResource( 1 )]
transform = Transform( 1, 0, 0, 0, 1, 0, 0, 0, 1, 0.00198865, -0.192482, 0.00410509 )

[node name="Exterior" type="Spatial" parent="."]

[node name="Wall2x" parent="Exterior" instance=ExtResource( 7 )]
transform = Transform( 1, 0, 4.13264e-07, 0, 1, 0, -4.13264e-07, 0, 1, -0.000825882, 2.99376, 5.99681 )

[node name="Wall2x2" parent="Exterior" instance=ExtResource( 7 )]
transform = Transform( -1, 0, -5.00687e-07, 0, 1, 0, 5.00687e-07, 0, -1, 0, 3, -6 )

[node name="WallWindow3" parent="Exterior" instance=ExtResource( 8 )]
transform = Transform( -4.37114e-08, 0, -1, 0, 1, 0, 1, 0, -4.37114e-08, -3, 3, -1.49268 )

[node name="WallWindow4" parent="Exterior" instance=ExtResource( 8 )]
transform = Transform( 1.19209e-07, 0, 1, 0, 1, 0, -1, 0, 1.19209e-07, 3, 3, -4.49268 )

[node name="Wall" parent="Exterior" instance=ExtResource( 9 )]
transform = Transform( -4.37114e-08, 0, -1, 0, 1, 0, 1, 0, -4.37114e-08, -3, 3, -4.41451 )

[node name="Wall3" parent="Exterior" instance=ExtResource( 9 )]
transform = Transform( -4.37114e-08, 0, 1, 0, 1, 0, -1, 0, -4.37114e-08, 3, 3, -1.50005 )

[node name="WallDoor" parent="Exterior" instance=ExtResource( 10 )]
transform = Transform( 1, 0, 0, 0, 1, 0, 0, 0, 1, 1.47346, 0, 6 )

[node name="Wall2" parent="Exterior" instance=ExtResource( 9 )]
transform = Transform( 1, 0, 0, 0, 1, 0, 0, 0, 1, -1.44003, 0, 6 )

[node name="Wall2x3" parent="Exterior" instance=ExtResource( 7 )]
transform = Transform( 2.98023e-08, 0, 1, 0, 1, 0, -1, 0, 2.98023e-08, 3, 0, 3 )

[node name="Wall4" parent="Exterior" instance=ExtResource( 9 )]
transform = Transform( -4.37114e-08, 0, -1, 0, 1, 0, 1, 0, -4.37114e-08, -3, 0, 4.45763 )

[node name="WallWindow5" parent="Exterior" instance=ExtResource( 8 )]
transform = Transform( -4.37114e-08, 0, -1, 0, 1, 0, 1, 0, -4.37114e-08, -3, 0, 1.58481 )

[node name="WallDoor2" parent="Exterior" instance=ExtResource( 10 )]
transform = Transform( -1, 0, -8.74228e-08, 0, 1, 0, 8.74228e-08, 0, -1, -1.44635, 0, 0 )

[node name="WallWindow6" parent="Exterior" instance=ExtResource( 8 )]
transform = Transform( -1, 0, -8.9407e-08, 0, 1, 0, 8.9407e-08, 0, -1, 1.45864, 0, 0 )

[node name="Wall2x4" parent="Exterior" instance=ExtResource( 7 )]
transform = Transform( -4.37114e-08, 0, 1, 0, 1, 0, -1, 0, -4.37114e-08, 3, 3, 3 )

[node name="Wall0-5x" parent="Exterior" instance=ExtResource( 6 )]
transform = Transform( 0, 0, -1, 0, 1, 0, 1, 0, 0, -3, 3, 0.815178 )

[node name="Wall0-5x2" parent="Exterior" instance=ExtResource( 6 )]
transform = Transform( 0, 0, -1, 0, 1, 0, 1, 0, 0, -3, 3, 5.17595 )

[node name="WallWindow7" parent="Exterior" instance=ExtResource( 8 )]
transform = Transform( -4.37114e-08, 0, -1, 0, 1, 0, 1, 0, -4.37114e-08, -3, 3, 3 )

[node name="RoofCeilingFlat" parent="Exterior" instance=ExtResource( 11 )]
transform = Transform( 1, 0, 0, 0, 1, 0, 0, 0, 1, 0, 3.1, -3 )

[node name="RoofCapRight" parent="Exterior" instance=ExtResource( 12 )]
transform = Transform( -4.37114e-08, 0, 1, 0, 1, 0, -1, 0, -4.37114e-08, 3, 6, -3 )

[node name="RoofCap2" parent="Exterior" instance=ExtResource( 13 )]
transform = Transform( -4.37114e-08, 0, 1, 0, 1, 0, -1, 0, -4.37114e-08, 3, 6, 3 )

[node name="RoofWall" parent="Exterior" instance=ExtResource( 14 )]
transform = Transform( -1.62921e-07, 0, 1, 0, 1, 0, -1, 0, -1.62921e-07, 3, 6, 2.38419e-07 )

[node name="RoofWall3" parent="Exterior" instance=ExtResource( 14 )]
transform = Transform( -1.62921e-07, 0, 1, 0, 1, 0, -1, 0, -1.62921e-07, 3, 6, 2.38419e-07 )

[node name="RoofCap3" parent="Exterior" instance=ExtResource( 13 )]
transform = Transform( -4.37114e-08, 0, -1, 0, 1, 0, 1, 0, -4.37114e-08, -3, 6, -3 )

[node name="RoofCapRight2" parent="Exterior" instance=ExtResource( 12 )]
transform = Transform( -4.37114e-08, 0, -1, 0, 1, 0, 1, 0, -4.37114e-08, -3, 6, 3 )

[node name="RoofWall2" parent="Exterior" instance=ExtResource( 14 )]
transform = Transform( -4.37114e-08, 0, -1, 0, 1, 0, 1, 0, -4.37114e-08, -3, 6, 0 )

[node name="RoofPanelsFlat" parent="Exterior" instance=ExtResource( 15 )]
transform = Transform( 1, 0, 0, 0, 1, 0, 0, 0, 1, 0, 9, 0 )

[node name="RoofPanelsDouble2" parent="Exterior" instance=ExtResource( 16 )]
transform = Transform( 1, 0, 0, 0, 1, 0, 0, 0, 1, 0, 9, -3 )

[node name="RoofPanelsDouble3" parent="Exterior" instance=ExtResource( 16 )]
transform = Transform( -1, 0, -8.74228e-08, 0, 1, 0, 8.74228e-08, 0, -1, 0, 9, 3 )

[node name="Components" type="Spatial" parent="."]

[node name="Window" parent="Components" instance=ExtResource( 17 )]
transform = Transform( -4.37114e-08, 0, -1, 0, 1, 0, 1, 0, -4.37114e-08, -2.97153, 1.77756, 1.57296 )

[node name="Door" parent="Components" instance=ExtResource( 18 )]
transform = Transform( 1, 0, 0, 0, 1, 0, 0, 0, 1, -1.44111, 0.0206756, 0 )

[node name="Window2" parent="Components" instance=ExtResource( 17 )]
transform = Transform( -4.37114e-08, 0, -1, 0, 1, 0, 1, 0, -4.37114e-08, -2.98359, 4.77852, -1.5 )

[node name="Window3" parent="Components" instance=ExtResource( 17 )]
transform = Transform( -4.37114e-08, 0, -1, 0, 1, 0, 1, 0, -4.37114e-08, -2.98308, 4.8, 3 )

[node name="Window4" parent="Components" instance=ExtResource( 17 )]
transform = Transform( 1, 0, 0, 0, 1, 0, 0, 0, 1, 1.5, 1.8, -0.0279555 )

[node name="Door2" parent="Components" instance=ExtResource( 18 )]
transform = Transform( 1, 0, 0, 0, 1, 0, 0, 0, 1, 1.48852, 0.0478374, 6.0186 )

[node name="Window5" parent="Components" instance=ExtResource( 17 )]
transform = Transform( -4.37114e-08, 0, 1, 0, 1, 0, -1, 0, -4.37114e-08, 2.97582, 4.8, -4.48844 )

[node name="Interior" type="Spatial" parent="."]

[node name="WoodenFloor" parent="Interior" instance=ExtResource( 20 )]
transform = Transform( 1, 0, 0, 0, 1, 0, 0, 0, 1, 0, 0, 3 )

[node name="WoodenFloor2" parent="Interior" instance=ExtResource( 20 )]
transform = Transform( 1, 0, 0, 0, 1, 0, 0, 0, 1, 0, 3, -3 )

[node name="FloorStairs" parent="Interior" instance=ExtResource( 29 )]
transform = Transform( -4.37114e-08, 0, 1, 0, 1, 0, -1, 0, -4.37114e-08, 0, 3, 3 )

[node name="Stairs" parent="Interior" instance=ExtResource( 30 )]
transform = Transform( -4.37114e-08, 0, 1, 0, 1, 0, -1, 0, -4.37114e-08, 2, 0.124139, 4.37124 )
