[gd_scene load_steps=7 format=2]

[ext_resource path="res://world/interior/table/StudyTable.tscn" type="PackedScene" id=1]
[ext_resource path="res://mesh/interior/table/study_table_storage.obj" type="ArrayMesh" id=2]
[ext_resource path="res://mesh/interior/table/study_table_storage_separator.obj" type="ArrayMesh" id=3]
[ext_resource path="res://material/furniture/woodplanks.tres" type="Material" id=4]

[sub_resource type="BoxShape" id=1]
extents = Vector3( 0.0433544, 1, 1 )

[sub_resource type="BoxShape" id=2]
extents = Vector3( 0.255165, 0.24734, 1 )

[node name="StudyTable" type="Spatial"]

[node name="StaticBody" type="StaticBody" parent="." groups=[
"flammable",
]]
transform = Transform( 1, 0, 0, 0, 1, 0, 0, 0, 1, -0.569821, 0, 0 )

[node name="CollisionShape" type="CollisionShape" parent="StaticBody"]
transform = Transform( 1, 0, 0, 0, 1, 0, 0, 0, 1, 0, 1, 0 )
shape = SubResource( 1 )

[node name="CollisionShape2" type="CollisionShape" parent="StaticBody"]
transform = Transform( 1, 0, 0, 0, 1, 0, 0, 0, 1, 0.298833, 1.75138, 0 )
shape = SubResource( 2 )

[node name="MeshInstance2" type="MeshInstance" parent="StaticBody"]
transform = Transform( 1, 0, 0, 0, 1, 0, 0, 0, 1, 0.569821, 0, 0 )
material_override = ExtResource( 4 )
mesh = ExtResource( 2 )
material/0 = null
material/1 = null

[node name="MeshInstance" type="MeshInstance" parent="StaticBody"]
transform = Transform( 1, 0, 0, 0, 1, 0, 0, 0, 1, 0.295278, 1.75183, 0 )
material_override = ExtResource( 4 )
mesh = ExtResource( 3 )
material/0 = null

[node name="MeshInstance3" type="MeshInstance" parent="StaticBody"]
transform = Transform( 1, 0, 0, 0, 1, 0, 0, 0, 1, 0.295278, 1.75183, 0.5 )
material_override = ExtResource( 4 )
mesh = ExtResource( 3 )
material/0 = null

[node name="MeshInstance4" type="MeshInstance" parent="StaticBody"]
transform = Transform( 1, 0, 0, 0, 1, 0, 0, 0, 1, 0.295278, 1.75183, -0.5 )
material_override = ExtResource( 4 )
mesh = ExtResource( 3 )
material/0 = null

[node name="StudyTable" parent="." instance=ExtResource( 1 )]
